@article{mai2024stockgpt,
  title={StockGPT: A GenAI Model for Stock Prediction and Trading},
  author={Mai, D.},
  year={2024},
  journal={SSRN},
  url={https://ssrn.com/abstract=4787199}
}

@article{marey2024xai,
  title={Integrating Deep Learning and Explainable Artificial Intelligence Techniques for Stock Price Predictions},
  author={Marey, N. and Abu-Musa, A. A. and Ganna, M.},
  journal={International Journal of Accounting and Management Sciences},
  volume={3},
  number={4},
  pages={479--504},
  year={2024}
}

@online{spglobal2025,
  author = {{S\&P Global Market Intelligence}},
  title = {GenAI funding hits record in 2024, boosted by infrastructure interest},
  year = {2025},
  url = {https://www.spglobal.com/market-intelligence/en/news-insights/articles/2025/1/genai-funding-hits-record-in-2024-boosted-by-infrastructure-interest-87132257},
  note = {Accessed May 2025}
}

@techreport{usdoc2022exportcontrols,
  author       = {{U.S. Department of Commerce}},
  title        = {Commerce Implements New Export Controls on Advanced Computing and Semiconductor Manufacturing Items to the People's Republic of China (PRC)},
  institution  = {Bureau of Industry and Security},
  number       = {2022-21658},
  year         = {2022},
  month        = {October},
  note         = {Federal Register, Vol. 87, No. 197, pp. 62186--62215},
  url          = {https://www.govinfo.gov/content/pkg/FR-2022-10-13/pdf/2022-21658.pdf}
}

@article{chen2021vie,
  author    = {Fa Chen},
  title     = {Variable interest entity structures in China: are legal uncertainties and risks to foreign investors part of China's regulatory policy?},
  journal   = {Asia Pacific Law Review},
  volume    = {29},
  number    = {1},
  pages     = {1--24},
  year      = {2021},
  doi       = {10.1080/10192557.2021.1995229},
  url       = {https://www.tandfonline.com/doi/full/10.1080/10192557.2021.1995229}
}

@article{takahashi2024synthetic,
  title={Generation of synthetic financial time series by diffusion models},
  author={Takahashi, Tomonori and Mizuno, Takayuki},
  journal={arXiv preprint arXiv:2410.18897},
  year={2024}
}

@inproceedings{ribeiro2016lime,
  author    = {Ribeiro, Marco Tulio and Singh, Sameer and Guestrin, Carlos},
  title     = {Why Should I Trust You? Explaining the Predictions of Any Classifier},
  booktitle = {Proceedings of the 22nd ACM SIGKDD International Conference on Knowledge Discovery and Data Mining},
  pages     = {1135--1144},
  year      = {2016},
  publisher = {ACM}
}

@book{murphy1999technical,
  author    = {Murphy, John J.},
  title     = {Technical Analysis of the Financial Markets: A Comprehensive Guide to Trading Methods and Applications},
  publisher = {New York Institute of Finance},
  year      = {1999}
}

@article{fischer2018dlfin,
  author    = {Fischer, Thomas and Krauss, Christopher},
  title     = {Deep learning with long short-term memory networks for financial market predictions},
  journal   = {European Journal of Operational Research},
  volume    = {270},
  number    = {2},
  pages     = {654--669},
  year      = {2018},
  doi       = {10.1016/j.ejor.2017.11.054}
}

@article{ryll2019mlsurvey,
  author    = {Ryll, Lukas and Seidens, Sebastian},
  title     = {Evaluating the Performance of Machine Learning Algorithms in Financial Market Forecasting: A Comprehensive Survey},
  journal   = {arXiv preprint arXiv:1906.07786},
  year      = {2019},
  url       = {https://arxiv.org/abs/1906.07786}
}

@techreport{chakraborty2017boe,
  author    = {Chakraborty, Chiranjit and Joseph, Alex},
  title     = {Machine Learning at Central Banks},
  institution = {Bank of England},
  type      = {Staff Working Paper},
  number    = {674},
  year      = {2017},
  url       = {https://www.bankofengland.co.uk/-/media/boe/files/working-paper/2017/machine-learning-at-central-banks.pdf}
}

@article{bendavid2021explainable,
  author    = {Ben David, Daphna and Resheff, Yedidya S. and Tron, Tal},
  title     = {Explainable AI and Adoption of Financial Algorithmic Advisors: an Experimental Study},
  journal   = {arXiv preprint arXiv:2101.02555},
  year      = {2021},
  url       = {https://arxiv.org/abs/2101.02555}
}

@article{zarifis2024trust,
  author    = {Zarifis, Alex and Cheng, Xusen},
  title     = {How to build trust in answers given by Generative AI for specific, and vague, financial questions},
  journal   = {arXiv preprint arXiv:2408.14593},
  year      = {2024},
  url       = {https://arxiv.org/abs/2408.14593}
}

@inproceedings{wang2021finxai,
  author    = {Wang, Jieyu and Caruana, Rich and Kapoor, Ashish},
  title     = {FinXAI: An Explainable Interface for Financial Decision Support},
  booktitle = {Proceedings of the ACM Conference on Human Factors in Computing Systems (CHI)},
  year      = {2021},
  pages     = {1--12},
  publisher = {ACM}
}

@article{bailey2014backtest,
  author    = {Bailey, David H. and Borwein, Jonathan M. and Lopez de Prado, Marcos and Zhu, Qiji Jim},
  title     = {The Probability of Backtest Overfitting},
  journal   = {Journal of Computational Finance},
  volume    = {20},
  number    = {4},
  pages     = {39--69},
  year      = {2014}
}

@article{lo2002sharpe,
  author    = {Lo, Andrew W.},
  title     = {The Statistics of Sharpe Ratios},
  journal   = {Financial Analysts Journal},
  volume    = {58},
  number    = {4},
  pages     = {36--52},
  year      = {2002},
  doi       = {10.2469/faj.v58.n4.2453}
}

@article{kaastra1996forecasting,
  author    = {Kaastra, I. and Boyd, M.},
  title     = {Designing a Neural Network for Forecasting Financial and Economic Time Series},
  journal   = {Neurocomputing},
  volume    = {10},
  number    = {3},
  pages     = {215--236},
  year      = {1996},
  doi       = {10.1016/0925-2312(95)00039-9}
}

@article{gunning2019xai,
  author    = {Gunning, David and Aha, David},
  title     = {DARPAâ€™s Explainable Artificial Intelligence (XAI) Program},
  journal   = {AI Magazine},
  volume    = {40},
  number    = {2},
  pages     = {44--58},
  year      = {2019},
  doi       = {10.1609/aimag.v40i2.2850}
}
